<?xml version="1.0" encoding="UTF-8"?><collection xmlns="http://www.loc.gov/MARC21/slim"><record><leader>00332nam--2200121-i-4500</leader><controlfield tag="001">000004422</controlfield><controlfield tag="002">20161230</controlfield><controlfield tag="005">20161230201025</controlfield><controlfield tag="008">060222s1000------------r-----000-0-eng-d</controlfield><datafield ind1=" " ind2=" " tag="100"><subfield code="a">Andrezejewski, Stanislav, Ney, Wladislaw</subfield></datafield><datafield ind1=" " ind2=" " tag="245"><subfield code="a">Elecktrownie jadrowe</subfield></datafield><datafield ind1=" " ind2=" " tag="260"><subfield code="a">Warszawa, Panstwowe Wydawnictwa Naukowe, 1957 144 P</subfield></datafield><datafield ind1=" " ind2=" " tag="852"><subfield code="a">5826</subfield></datafield></record></collection>